%%%%%%%%%%%%%%%%%%%%%%%%%%%
%
% $Autor: Wings $
% $Datum: 2016-12-06 10:40:45Z $
% $Pfad: Math3/Skript/Produktspezifikation/Powerpoint/chapter04b.tex $
% $Version: 2839 $
%
%%%%%%%%%%%%%%%%%%%%%%%%%%%

% Strings

% Encoding: UTF-8

%preamble{
%\AtEveryBibitem{\clearfield{note}}
%}%


% BibTeX Entries


%%%%%%%%%%%%%%%%%%%%%%%%%%%%%%%%%%%%%%
%  A
%%%%%%%%%%%%%%%%%%%%%%%%%%%%%%%%%%%%%%


@online{TensorflowLite:2024,
	title        = {TensorflowLite 2024},
	author       = {TensorflowLite},
	year         = 2024,
	url          = {https://www.tensorflow.org/lite}
}


%%%%%%%%%%%%%%%%%%%%%%%%%%%%%%%%%%%%%%
%  B
%%%%%%%%%%%%%%%%%%%%%%%%%%%%%%%%%%%%%%




%%%%%%%%%%%%%%%%%%%%%%%%%%%%%%%%%%%%%%
%  D
%%%%%%%%%%%%%%%%%%%%%%%%%%%%%%%%%%%%%%




%%%%%%%%%%%%%%%%%%%%%%%%%%%%%%%%%%%%%%
%  F
%%%%%%%%%%%%%%%%%%%%%%%%%%%%%%%%%%%%%%



%%%%%%%%%%%%%%%%%%%%%%%%%%%%%%%%%%%%%%
%  H
%%%%%%%%%%%%%%%%%%%%%%%%%%%%%%%%%%%%%%



%%%%%%%%%%%%%%%%%%%%%%%%%%%%%%%%%%%%%%
%  J
%%%%%%%%%%%%%%%%%%%%%%%%%%%%%%%%%%%%%%




%%%%%%%%%%%%%%%%%%%%%%%%%%%%%%%%%%%%%%
%  K
%%%%%%%%%%%%%%%%%%%%%%%%%%%%%%%%%%%%%%



%%%%%%%%%%%%%%%%%%%%%%%%%%%%%%%%%%%%%%
%  M
%%%%%%%%%%%%%%%%%%%%%%%%%%%%%%%%%%%%%%



%%%%%%%%%%%%%%%%%%%%%%%%%%%%%%%%%%%%%%
%  P
%%%%%%%%%%%%%%%%%%%%%%%%%%%%%%%%%%%%%%



%%%%%%%%%%%%%%%%%%%%%%%%%%%%%%%%%%%%%%
%  R
%%%%%%%%%%%%%%%%%%%%%%%%%%%%%%%%%%%%%%



%%%%%%%%%%%%%%%%%%%%%%%%%%%%%%%%%%%%%%
%  S
%%%%%%%%%%%%%%%%%%%%%%%%%%%%%%%%%%%%%%




%%%%%%%%%%%%%%%%%%%%%%%%%%%%%%%%%%%%%%
%  W
%%%%%%%%%%%%%%%%%%%%%%%%%%%%%%%%%%%%%%



%%%%%%%%%%%%%%%%%%%%%%%%%%%%%%%%%%%%%%
%  Z
%%%%%%%%%%%%%%%%%%%%%%%%%%%%%%%%%%%%%%


