%%%%%%%%%%%%%%%%%%%%%%%%%%%
%
% $Autor: Wings $
% $Datum: 2016-12-06 10:40:45Z $
% $Pfad: Math3/Skript/Produktspezifikation/Powerpoint/chapter04b.tex $
% $Version: 2839 $
%
%%%%%%%%%%%%%%%%%%%%%%%%%%%

% Strings
@string{jCAGD = "Computer Aided Geometric Design"}
@string{jCAD = "Computer Aided Design"}
% Encoding: UTF-8

%preamble{
%\AtEveryBibitem{\clearfield{note}}
%}%


% BibTeX Entries


%%%%%%%%%%%%%%%%%%%%%%%%%%%%%%%%%%%%%%
%  A
%%%%%%%%%%%%%%%%%%%%%%%%%%%%%%%%%%%%%%
@book{Arens:2015,
	title        = {{Mathematik}},
	author       = {Arens, Tilo and Hettlich, F. and Karpfinger, C. and Kockelkorn, U. and Lichtenegger, K. and Stachel, H.},
	year         = 2015,
	publisher    = {{Spektrum akademischer Verlag}},
	address      = {Heidelberg},
	note         = {\textcolor{blue}{\href{ExterneDokumente/book978-3-642-44919-2.pdf}{[pdf]}} \textcolor{blue}{\url{http://www.gbv.de/dms/weimar/toc/551047283_toc.pdf} [Link] }},
	price        = {sfr 114.00 (freier Pr.)},
	keywords     = {Mathematik},
	edition      = {3.}
}

@misc{arduino_portenta:2025,
  author = {Arduino},
  title = {Portenta H7 and Vision Shield LoRa Implementation},
  year = {2025},
  url = {https://www.arduino.cc/pro/portenta-h7}
}

@misc{semtech_sx1276:2025,
  author = {Semtech Corporation},
  title = {SX1276 LoRa Transceiver Datasheet},
  year = {2025},
  url = {https://www.semtech.com/products/wireless-rf/lora-transceivers/sx1276}
}

@misc{murata_transceiver:2025,
  author = {Murata Manufacturing},
  title = {CMWX1ZZABZ LoRa Module},
  year = {2025},
  url = {https://www.murata.com/en-us/products/communicationmodule/lpwa/lora}
}

@misc{semtech_lora:2025,
  author = {Semtech Corporation},
  title = {What is LoRa?},
  year = {2025},
  url = {https://www.semtech.com/lora/what-is-lora}
}

@misc{arm_cortex:2025,
  author = {ARM Limited},
  title = {ARM Cortex-M7 and Cortex-M4 Technical Overview},
  year = {2025},
  url = {https://developer.arm.com/ip-products/processors/cortex-m}
}


@online{arduino_datasheet:2025,
  author = {Arduino},
  title = {Portenta Vision Shield LoRa - Datasheet},
  year = {n.d.},
  url = {https://docs.arduino.cc/resources/datasheets/ASX00021-ASX00026-datasheet.pdf},
}






@online{edge_impulse_portenta_lorawan:2025,
  author = {Edge Impulse},
  title = {Example Portenta LoRaWAN},
  year = {n.d.},
  url = {https://github.com/edgeimpulse/example-portenta-lorawan/tree/master},
}

@online{murata_transceiver:2025,
  author = {Murata Manufacturing Co., Ltd.},
  title = {CMWX1ZZABZ Datasheet},
  year = {2025},
  url = {https://www.murata.com/products/productdata/8807031234567}
}

@online{semtech_sx1276:2025,
  author = {Semtech Corporation},
  title = {SX1276 LoRa Transceiver Datasheet},
  year = {2025},
  url = {https://www.semtech.com/products/wireless-rf/lora-transceivers/sx1276}
}

@online{arduino_portenta:2025,
  author = {Arduino},
  title = {Portenta Vision Shield LoRa Specifications},
  year = {2025},
  url = {https://docs.arduino.cc/hardware/portenta-vision-shield-lora}
}

@online{semtech_lora:2025,
  author = {Semtech Corporation},
  title = {What is LoRa?},
  year = {2025},
  url = {https://www.semtech.com/lora/what-is-lora?utm_source=chatgpt.com}
}

@online{semtech_lora:2025,
  author = {Semtech Corporation},
  title = {What is LoRa?},
  year = {2025},
  url = {https://www.semtech.com/lora/what-is-lora?utm_source=chatgpt.com},
}

@online{st_connectivity:2025,
  author = {STMicroelectronics},
  title = {LoRa Connectivity Applications},
  year = {2025},
  url = {https://www.st.com/en/applications/connectivity/lora.html?utm_source=chatgpt.com},
}

@online{thethingsnetwork_lorawan:2025,
  author = {The Things Network},
  title = {What is LoRaWAN?},
  year = {2025},
  url = {https://www.thethingsnetwork.org/docs/lorawan/what-is-lorawan/?utm_source=chatgpt.com},
}

@online{jooby_lora_features:2025,
  author = {Jooby},
  title = {Unlocking IoT Success: Discover the 8 Key Features of LoRa Technology},
  year = {2025},
  url = {https://jooby.eu/blog/unlocking-iot-success-discover-the-8-key-features-of-lora-technology/?utm_source=chatgpt.com},
}

@online{portenta_lora_specifications:2025,
  author = {Arduino Documentation},
  title = {Specifications of LoRa Device on Portenta Vision Shield},
  year = {2025},
  url = {https://www.arduino.cc/pro/tutorials/portenta-vision-shield-lora/specifications},
}

@online{arduino_portenta:2025,
  author = {Arduino},
  title = {Portenta Vision Shield Specifications},
  year = {2025},
  url = {https://www.arduino.cc/pro/hardware/product/portenta-vision-shield-lora}
}

@online{semtech_sx1276:2025,
  author = {Semtech Corporation},
  title = {SX1276 - Low Power Long Range Transceiver},
  year = {2025},
  url = {https://www.semtech.com/products/wireless-rf/lora-transceivers/sx1276}
}

@online{murata_transceiver:2025,
  author = {Murata Manufacturing Co., Ltd.},
  title = {CMWX1ZZABZ-091 LoRa Transceiver Module},
  year = {2025},
  url = {https://wireless.murata.com/type-abz.html}
}

@online{arm_cortex:2025,
  author = {ARM Holdings},
  title = {ARM Cortex-M7 Processor},
  year = {2025},
  url = {https://developer.arm.com/ip-products/processors/cortex-m/cortex-m7}
}

@online{semtech_lora:2025,
  author = {Semtech Corporation},
  title = {What is LoRa?},
  year = {2025},
  url = {https://www.semtech.com/lora/what-is-lora?utm_source=chatgpt.com}
}

@online{edge_impulse_portenta_lorawan:2025,
  author = {Edge Impulse},
  title = {Example Portenta LoRaWAN},
  year = {n.d.},
  url = {https://github.com/edgeimpulse/example-portenta-lorawan/tree/master},
}

@online{murata_transceiver:2025,
  author = {Murata Manufacturing Co., Ltd.},
  title = {CMWX1ZZABZ Datasheet},
  year = {2025},
  url = {https://www.murata.com/products/productdata/8807031234567}
}

@online{semtech_sx1276:2025,
  author = {Semtech Corporation},
  title = {SX1276 LoRa Transceiver Datasheet},
  year = {2025},
  url = {https://www.semtech.com/products/wireless-rf/lora-transceivers/sx1276}
}

@online{arduino_portenta:2025,
  author = {Arduino},
  title = {Portenta Vision Shield LoRa Specifications},
  year = {2025},
  url = {https://docs.arduino.cc/hardware/portenta-vision-shield-lora}
}

@online{semtech_lora:2025,
  author = {Semtech Corporation},
  title = {What is LoRa?},
  year = {2025},
  url = {https://www.semtech.com/lora/what-is-lora?utm_source=chatgpt.com}
}


@online{SeeedP2PLoRa2021,
  title   = {What is Peer-to-Peer (P2P) LoRa Communication?},
  author  = {Seeed Studio},
  year    = 2021,
  url     = {https://www.seeedstudio.com/blog/2021/04/26/what-is-peer-to-peer-p2p-lora-communication/},
  note    = {Accessed: 2024-12-23}
}

@online{PortentaLANMAN2022,
  title   = {Portenta Vision Shield: An Overview of LANMAN Applications},
  author  = {Anonymous},
  year    = 2022,
  url     = {https://upcommons.upc.edu/bitstream/handle/2117/379227/2022_CR_LANMAN_Portenta.pdf?sequence=1},
  note    = {Accessed: 2024-12-23}
}

@online{ArduinoLoRaWAN101:2024,
  title 	= {LoRaWAN 101 | Arduino Documentation},
  year 		= 2024,
  url 		= {https://docs.arduino.cc/learn/communication/lorawan-101/},
  editor	= {Arduino},
  note 		= {Accessed: 2024-12-23}
}

@online{SeeedStudioP2PLoRa:2021,
  title 	= {What is Peer-to-Peer (P2P) LoRa Communication?},
  year 		= 2021,
  url 		= {https://www.seeedstudio.com/blog/2021/04/26/what-is-peer-to-peer-p2p-lora-communication/},
  editor	= {Seeed Studio},
  note 		= {Accessed: 2024-12-23}
}

@online{ArduinoTTN:2024,
  title 	= {Connecting to TTN | Portenta Vision Shield},
  year 		= 2024,
  url 		= {https://docs.arduino.cc/tutorials/portenta-vision-shield/connecting-to-ttn/},
  editor	= {Arduino},
  note 		= {Accessed: 2024-12-23}
}

@online{ArduinoWifiAP:2024,
  title 	= {WiFi Access Point | Portenta H7},
  year 		= 2024,
  url 		= {https://docs.arduino.cc/tutorials/portenta-h7/wifi-access-point/},
  editor	= {Arduino},
  note 		= {Accessed: 2024-05-23}
}

@online{arduino_ide_mac_tutorial:2025,
	author = {Arduino Documentation},
	title = {Installing and Using Arduino IDE 1.x on macOS},
	year = {2025},
	editor = {Arduino},
	url = {https://docs.arduino.cc/software/ide-v1/tutorials/macOS/}
}

@online{arduino_ide_windows_tutorial:2025,
	author = {Arduino Documentation},
	title = {Installing and Using Arduino IDE 1.x on Windows},
	year = {2025},
	editor = {Arduino},
	url = {https://docs.arduino.cc/software/ide-v1/tutorials/Windows/}
}

@online{arduino_ide_environment:2025,
	author = {Arduino},
	title = {Arduino IDE Environment Guide},
	year = {2025},
	url = {https://www.arduino.cc/en/Guide/Environment}
}

@online{ArduinoCLIversion:2024,
	title        = {Arduino CLI 0.36},
	year         = 2024,
	url          = {https://arduino.github.io/arduino-cli/0.36/commands/arduino-cli/},
	editor	= {Arduino},
	urldate      = {2024-05-11}
}

@online{ArduinoCLIGit:2024,
	title        = {Arduino CLI (Command Line Interface) Application},
	year         = 2024,
	url          = {https://github.com/arduino/arduino-cli},
	editor       = {Arduino},
	howpublished = {GitHub.com}
}
@online{ArduinoCLIDoc:2024,
	title        = {Arduino CLI},
	year         = 2024,
	url          = {https://arduino.github.io/arduino-cli/0.36/},
	editor       = {Arduino}
}

@online{ArduinoCLIConfig:2024,
	title        = {Arduino CLI Configuration},
	year         = 2024,
	url          = {https://arduino.github.io/arduino-cli/0.36/configuration/},
	editor       = {Arduino}
}

@online{arduino_portenta_h7_datasheet:2025,
	author = {Arduino Documentation},
	title = {Portenta H7 Datasheet (ABX00042, ABX00045, ABX00046)},
	year = {2025},
	url = {https://docs.arduino.cc/resources/datasheets/ABX00042-ABX00045-ABX00046-datasheet.pdf}
}

@online{ArduinoCLIpro:2024,
	title        = {arduino-cli},
	year         = 2024,
	url          = {https://www.arduino.cc/pro/software-pro-cli/},
	editor       = {Arduino}
}
@online{Arduino2024Guide,
	title        = {Getting Started with Arduino},
	author       = {Arduino},
	year         = 2024,
	url          = {https://www.arduino.cc/en/Guide}
}
@online{ArduinoPortentaSketch:2024,
	title        = {Arduino Portenta Cat. M1/NB IoT GNSS Shield Sketch},
	author       = {ArduinoPortenta},
	year         = 2024,
	url          = {https://docs.arduino.cc/tutorials/portenta-cat-m1-nb-iot-gnss-shield/getting-started/}
}
@online{ArduinoPortenta:2024,
	title        = {Arduino Portenta Cat. M1/NB IoT GNSS Shield Documentation},
	author       = {Arduino},
	year         = 2024,
	url          = {https://docs.arduino.cc/hardware/portenta-cat-m1-nb-iot-gnss-shield/}
}
@online{ArduinoPortentaStore:2024,
	title        = {Arduino Portenta Cat. M1/NB IoT GNSS Shield online store},
	author       = {Arduino},
	year         = 2024,
	url          = {https://store.arduino.cc/products/portenta-catm1/}
}
@online{arduino_tutorial,
	title        = {Getting Started with the Portenta Cat. M1/NB IoT GNSS Shield},
	author       = {Benjamin Dannegård},
	year         = 2024,
	url          = {https://docs.arduino.cc/tutorials/portenta-cat-m1-nb-iot-gnss-shield/getting-started/}
}

@online{coral_ai,
    title        = {Coral AI},
    author       = {Google},
    year         = 2024,
    url          = {https://coral.ai/}
}

@online{tensorflowWiki:2024,
  author = {Google},
  title = {TensorFlow: Wikipedia},
  year = {2024},
  url = {https://en.wikipedia.org/wiki/TensorFlow},
}

@online{abadi2016tensorflow,
  title={TensorFlow: A system for large-scale machine learning},
  author={Abadi, Martín and Barham, Paul and Chen, Jianmin and Chen, Zhifeng and Davis, Andy and Dean, Jeffrey and Devin, Matthieu and Ghemawat, Sanjay and Irving, Geoffrey and Isard, Michael and others},
  booktitle={12th {USENIX} Symposium on Operating Systems Design and Implementation ({OSDI} 16)},
  year={2016},
  url={https://www.usenix.org/conference/osdi16/technical-sessions/presentation/abadi}
}

@online{opencvtensorflow:2023,
  title={TensorFlow Lite Model Optimization for On-Device Machine Learning},
  author={OpenCV},
  year={2023},
  url={https://learnopencv.com/tensorflow-lite-model-optimization-for-on-device-machine-learning/}
}

@online{tensorflowlitemicro:2024,
  author = {Github},
  title = {TensorFlowLite: GitHub},
  year = {2024},
  url = {https://github.com/tensorflow/tflite-micro-arduino-examples},
}
@online{tensorflowblog:2024,
  author = {Google},
  title = {TensorFlowLite: Library},
  year = {2024},
  url = {https://github.com/tensorflow/tflite-micro-arduino-examples},
}

@online{tensorflow:2024,
  author = {Google},
  title = {TensorFlow: Tutorial},
  year = {2024},
  url = {https://www.tensorflow.org/tutorials},
}

@online{datascienceModelOptimization:2024,
  author = {George Shuklin},
  title = {Model Optimization with TensorFlow},
  year = {2024},
  url = {https://towardsdatascience.com/model-optimization-with-tensorflow-629342d1a96f},
}


@online{tensorflowModelConversion:2024,
  author = {Google},
  title = {TensorFlow Lite: Model Conversion},
  year = {2024},
  url = {https://www.tensorflow.org/lite/models/convert},
}
@online{tensorflowLiteInference:2024,
  author = {Google},
  title = {TensorFlow Lite: Inference},
  year = {2024},
  url = {https://www.tensorflow.org/lite/guide/inference},
}

@online{tfl_Opt:2024,
  author = {Google},
  title = {TensorFlow Lite: Model Optimization},
  year = {2024},
  url = {https://www.tensorflow.org/lite/performance/model_optimization},
}

@online{tfBlog_ClusteringOpt:2021,
  author = {Google},
  title = {TensorFlow Model Optimization Toolkit Weight Clustering API},
  year = {2021},
  url = {https://blog.tensorflow.org/2020/08/tensorflow-model-optimization-toolkit-weight-clustering-api.html},
}

@online{BlogPaperOpt:2017,
  author = {Song Han and Huizi Mao and William J. Dally},
  title = {Deep Compression: Compressing Deep Neural Networks with Pruning, Trained Quantization and Huffman Coding},
  year = {2017},
  url = {https://arxiv.org/pdf/1510.00149},
}
@online{MediumQuantAware:2024,
  author = {Curiosity Deck},
  title = {Quantization Aware Training},
  year = {2024},
  url = {https://medium.com/@curiositydeck/quantization-aware-training-b80272380098},
}

@online{tfBlog_Opt:2021,
  author = {Google},
  title = {Collaborative Optimizations: Quantization and Clustering in TensorFlow Model Optimization Toolkit},
  year = {2021},
  url = {https://blog.tensorflow.org/2021/10/Collaborative-Optimizations.html},
}

@online{deeplearningOptimizationMethods:2024,
  author = {Neptune.ai},
  title = {Deep Learning Model Optimization Methods},
  year = {2024},
  url = {https://neptune.ai/blog/deep-learning-model-optimization-methods},
}

@online{tfl_guide:2024,
  author = {Google},
  title = {TensorFlow Lite Guide, 2024},
  year = {2024},
  url = {https://www.tensorflow.org/lite/guide},
}

@online{tensorflow_lite:2024,
  author = {Google},
  title = {TensorFlow Lite: Deploy machine learning models on mobile and IoT devices},
  year = {2024},
  url = {https://www.tensorflow.org/lite},
}
@online{tflInstallation:2024,
  author = {Google},
  title = {TensorFlow Lite: Installation},
  year = {2024},
  url = {https://www.tensorflow.org/install/pip},
}

@online{tflConversionAPI:2024,
  author = {Google},
  title = {TFL: ModelConversoinAPI},
  year = {2024},
  url = {https://www.tensorflow.org/api_docs/python/tf/lite/TFLiteConverter},
}

@online{tfModelCreationKeras:2024,
  author = {Google},
  title = {TFL: ModelCreationExample},
  year = {2024},
  url = {https://www.tensorflow.org/tutorials/keras/classification},
}
@online{tfl_Microcontrollers:2024,
  author = {Google},
  title = {TFL: Microconntrollers},
  year = {2024},
  url = {https://www.tensorflow.org/lite/microcontrollers},
}
@online{Coralai_doc:2024,
  author = {Google},
  title = {Coralai doc accelerator},
  year = {2024},
  url = {https://coral.ai/docs/accelerator/get-started/#requirements},
}
@online{GoogleAIEdge:2024,
  author = {Google},
  title = {TFL: Inference},
  year = {2024},
  url = {https://ai.google.dev/edge/litert/microcontrollers/get_started},
}
@online{9to5google_LiteRT:2024,
  author = {Abner Li},
  title = {TensorFlow Lite rebranded as LiteRT for on-device AI},
  year = {2024},
  url = {https://9to5google.com/2024/09/04/tensorflow-lite-litert/},
}
@online{pytorchWiki:2024,
  author = {Wikipedia},
  title = {PyTorch},
  year = {2024},
  url = {https://en.wikipedia.org/wiki/PyTorch},
}
@online{pytorch:2024,
  author = {Meta},
  title = {PyTorch},
  year = {2024},
  url = {https://pytorch.org/},
}
@online{jax:2024,
  author = {JAX},
  title = {JAX Documentation},
  year = {2024},
  url = {https://jax.readthedocs.io/en/latest/},
}

@misc{keras:2024,
  title={Keras},
  author={Francois Chollet},
  year={2015},
  url={https://keras.io/keras_3/}
}

@online{KDD:2000,
  title        = {The KDD process for extracting useful knowledge from volumes of data},
  author       = {Mockus, Audris and Fielding, Roy T. and Herbsleb, James},
  year         = 2000,
  journal      = {Proceedings of the 22nd International Conference on Software Engineering},
  publisher    = {ACM},
  url          = {https://dl.acm.org/doi/10.1145/240455.240464}
}

@article{IEEE:1997,
  title        = {Data Mining and Knowledge Discovery in Databases: Implications for Scientific Databases},
  author       = {Fayyad, Usama and Piatetsky-Shapiro, Gregory and Smyth, Padhraic},
  journal    = {9th International Conference on Scientific and Statistical Database Management},
  year         = 1997,
  publisher = {IEEE},
  doi          = {10.1109/SSDM.1997.621141},
  url          = {https://ieeexplore.ieee.org/document/621141}
}

@misc{edgeimpulse_cpp_library:2024,
	author       = {Edge Impulse},
	title        = {Deploy your model as a C++ library},
	year         = {2023} ,
	url          = {https://docs.edgeimpulse.com/docs/run-inference/cpp-library/deploy-your-model-as-a-c-library}
}

@misc{vascellari2024,
	author       = {Vascellari, Filippo},
	title        = {Lightweight Convolutional Neural Networks for Embedded Systems},
	year         = {2024},
	url          = {https://thesis.unipd.it/retrieve/c80af4b1-2d8f-4878-b690-9c4b6ae76fda/Vascellari_Filippo.pdf}
}

@misc{Wings:2024,
  author       = {Prof. Elmar Wings},
  title        = {Lecture in Data Science and Analytics: Knowledge Discovery in Database (KDD) Process},
  year         = {2024},
  note         = {Master in Industrial Informatics, Hochschule Emden/Leer University of Applied Science}
}

@misc{restack2024,
	author       = {Restack Team},
	title        = {Computer Vision Answer: CNN Applications in AI},
	year         = {2024},
	url          = {https://www.restack.io/p/computer-vision-answer-cnn-applications-cat-ai}
}

@misc{celerdata2024,
	author       = {CelerData},
	title        = {Glossary: Convolutional Neural Network (CNN)},
	year         = {2024},
	url          = {https://celerdata.com/glossary/convolutional-neural-network-cnn}
}

@misc{alliancetek2024,
	author       = {AllianceTek},
	title        = {Exploring the Power of Convolutional Neural Networks},
	year         = {2024},
	url          = {https://www.alliancetek.com/blog/post/2024/08/23/exploring-the-power-of-convolutional-neural-networks.aspx}
}

@misc{techtarget2024,
	author       = {TechTarget},
	title        = {Definition: Convolutional Neural Network (CNN)},
	year         = {2024},
	url          = {https://www.techtarget.com/searchenterpriseai/definition/convolutional-neural-network}
}

@online{brown_learning_rate_2023,
	author = {Jason Brownlee},
	title = {Learning Rate for Deep Learning Neural Networks},
	year = {2023},
	url = {https://www.machinelearningmastery.com/learning-rate-for-deep-learning-neural-networks/?utm_source=chatgpt.com}
}

@manual{arduino_portenta_camera_2023,
	author = {Arduino},
	title = {Getting Started with the Portenta Vision Shield Camera},
	year = {2023},
	url = {https://docs.arduino.cc/tutorials/portenta-vision-shield/getting-started-camera?utm_source=chatgpt.com}
}

@online{instructables_tinyml_edge_impulse_2023,
	author = {Instructables Community},
	title = {TinyML Image Recognition With Edge Impulse Nano 33},
	year = {2023},
	url = {https://www.instructables.com/TinyML-Image-Recognition-With-Edge-Impulse-Nano-33/?utm_source=chatgpt.com}
}



@online{tensorflowLiteGuide:2024,
	title = {TensorFlow Lite Guide},
	organization = {TensorFlow},
	year = {2024},
	url = {https://www.tensorflow.org/lite/guide}
}

@online{microsoftWindowsCommands:2025,
  author       = {Microsoft Documentation},
  title        = {Windows Commands Reference},
  url          = {https://learn.microsoft.com/en-us/windows-server/administration/windows-commands/windows-commands},
  year         = {2025}
}


@online{tensorflow_lite_object_detection:2024,
  author = {Edje Electronics},
  title = {Train a TensorFlow Lite Object Detection Model},
  year = {2024},
  url = {https://colab.research.google.com/github/EdjeElectronics/TensorFlow-Lite-Object-Detection-on-Android-and-Raspberry-Pi/blob/master/Train_TFLite2_Object_Detction_Model.ipynb?authuser=2#scrollTo=GSJ2wgGCixy2},
}
@article{Google_TFLite_ARM:2024,
  title        = {Build TensorFlow Lite for ARM},
  author       = {Google},
  year         = 2024,
  journal      = {Google for Developers},
  url          = {https://ai.google.dev/edge/litert/build/arm}
}

%%%%%%%%%%%%%%%%

@online{edgeimpulse:2024,
  author = {Edge Impulse},
  title = {Edge Impulse},
  year = {2024},
  url = {https://www.edgeimpulse.com},
}
@online{edgeimpulse_docs:2024,
  author = {Edge Impulse},
  title = {Edge Impulse Documentation},
  year = {2024},
  url = {https://docs.edgeimpulse.com},
}
@online{edgeimpulse_cli:2024,
  author = {Edge Impulse},
  title = {Edge Impulse CLI Installation},
  year = {2024},
  url = {https://docs.edgeimpulse.com/docs/tools/edge-impulse-cli/cli-installation},
}
@online{edgeimpulse_portenta:2024,
  author = {Edge Impulse},
  title = {Arduino Portenta H7},
  year = {2024},
  url = {https://docs.edgeimpulse.com/docs/edge-ai-hardware/mcu/arduino-portenta-h7},
}
@online{micropython_github:2024,
  author = {MicroPython},
  title = {MicroPython GitHub Repository},
  year = {2024},
  url = {https://github.com/micropython/micropython},
}
@online{micropython_official:2024,
  author = {MicroPython},
  title = {MicroPython Official Website},
  year = {2024},
  url = {https://micropython.org/},
}
@online{openmv_docs:2024,
  author = {OpenMV},
  title = {OpenMV Documentation},
  year = {2024},
  url = {https://docs.openmv.io/},
}
@online{arduino_portenta_openmv:2024,
  author = {Arduino},
  title = {Portenta H7 OpenMV Tutorial},
  year = {2024},
  url = {https://www.arduino.cc/pro/tutorials/portenta-h7/por-openmv-fd/},
}
@article{ieee:2020,
  title        = {Systematic Review on Security and Privacy Requirements in Edge Computing: State of the Art and Future Research Opportunities},
  author       = {Xiong, Kai and Sun, Haifeng and Liu, Chunxiao and others},
  year         = 2020,
  journal      = {IEEE Access},
  publisher    = {IEEE},
  url          = {https://ieeexplore.ieee.org/document/9076176}
}
@article{Research_Gate:2019,
  title        = {Edge Intelligence: The Confluence of Edge Computing and Artificial Intelligence},
  author       = {Zhou, Zhi and Chen, Xu and Li, En and others},
  year         = 2019,
  journal      = {Proceedings of the IEEE},
  publisher    = {IEEE},
  url          = {https://www.researchgate.net/publication/335650663_Edge_Intelligence_The_Confluence_of_Edge_Computing_and_Artificial_Intelligence}
}
@article{chen:2023,
  title        = {Edge AI: A Systematic Review and Guidelines for Future Research},
  author       = {Chen, Yuxuan and Li, Tao and others},
  year         = 2023,
  journal      = {ACM Computing Surveys},
  publisher    = {Association for Computing Machinery},
  url          = {https://dl.acm.org/doi/full/10.1145/3555802}
}
@article{liu:2018,
  title        = {A Research on Machine Learning Methods and Its Applications},
  author       = {Liu, Fengyu and Zhou, Yan and Wang, Dongxiao},
  year         = 2018,
  journal      = {Journal of Physics: Conference Series},
  publisher    = {IOP Publishing},
  url          = {https://www.researchgate.net/publication/327547625_A_Research_on_Machine_Learning_Methods_and_Its_Applications}
}
@article{jiang:2020,
  title        = {Federated Learning in Edge Computing: A Comprehensive Survey},
  author       = {Jiang, W. and Kone{\v{c}}n{\`y}, J. and Li, H. and others},
  year         = 2020,
  journal      = {IEEE Communications Surveys \& Tutorials},
  publisher    = {IEEE},
  url          = {https://ieeexplore.ieee.org/document/9083958}
}
@article{yang:2020,
  title        = {Smart Edge Computing for Autonomous Driving: A Review of the Edge Intelligence Framework},
  author       = {Yang, Y. and Xu, Y. and Wang, W. and others},
  year         = 2020,
  journal      = {IEEE Internet of Things Journal},
  publisher    = {IEEE},
  url          = {https://ieeexplore.ieee.org/document/9263894}
}

@article{AccessControl:2023,
  title        = {Risk-Based Access Control in the IoT Environment: A Survey},
  author       = {Li, Hui and Zhang, Yun and Liu, Shanshan and others},
  year         = 2023,
  journal      = {Sensors},
  publisher    = {MDPI},
  url          = {https://www.mdpi.com/1424-8220/23/4/1805}
}

@article{arxiv:2022,
  title        = {The Future of Edge AI: A Comprehensive Review of Current Research and Applications},
  author       = {Lin, Bill Yuchen and Lee, Seyeon and Lee, Dong-Ho and others},
  year         = 2022,
  journal      = {arXiv preprint arXiv:2212.03332},
  publisher    = {arXiv},
  url          = {https://ar5iv.labs.arxiv.org/html/2212.03332}
}
@article{ieee:2021Comparison,
  title        = {Comparison of Tensorflow and PyTorch in Convolutional Neural Network },
  author       = {Author1, C. and Author2, D. and Others},
  year         = 2021,
  journal      = {IEEE Transactions on Neural Networks and Learning Systems},
  publisher    = {IEEE},
  url          = {https://ieeexplore.ieee.org/document/9515098}
}

@article{ieee:2021ImageProcessing,
  title        = {Study on real-time image processing applications with edge computing},
  author       = {Author1, E. and Author2, F. and Others},
  year         = 2021,
  journal      = {IEEE Transactions on Information Forensics and Security},
  publisher    = {IEEE},
  url          = {https://ieeexplore.ieee.org/document/9576139}
}

@article{ieee:2021Challenges,
  title        = {Revisiting Edge AI Opportunities and Challenges},
  author       = {Author1, G. and Author2, H. and Others},
  year         = 2021,
  journal      = {IEEE Access},
  publisher    = {IEEE},
  url          = {https://ieeexplore.ieee.org/document/10621659/footnotes#footnotes}
} 
@article{wang:2023,
  title        = {Edge Devices Inference Performance Comparison},
  author       = {Wang, Xiangdong and Han, Rui and Wang, Changjiang and others},
  year         = 2023,
  journal      = {arXiv preprint arXiv:2306.12093},
  publisher    = {arXiv},
  url          = {https://ar5iv.labs.arxiv.org/html/2306.12093}
}

<<<<<<< Updated upstream
@misc{semtech_lora,
	author       = {Semtech Corporation},
	title        = {What is LoRa?},
	year         = {n.d.},
	url          = {https://www.semtech.com/lora/what-is-lora}
}

@misc{st_connectivity,
	author       = {STMicroelectronics},
	title        = {LoRa Connectivity Applications},
	year         = {n.d.},
	url          = {https://www.st.com/en/applications/connectivity/lora.html}
}

@misc{thethingsnetwork_lorawan,
	author       = {The Things Network},
	title        = {What is LoRaWAN?},
	year         = {n.d.},
	url          = {https://www.thethingsnetwork.org/docs/lorawan/what-is-lorawan/}
}

@misc{jooby_lora_features,
	author       = {Jooby},
	title        = {Unlocking IoT Success: Discover the 8 Key Features of LoRa Technology},
	year         = {n.d.},
	url          = {https://jooby.eu/blog/unlocking-iot-success-discover-the-8-key-features-of-lora-technology/}
}

@online{st_lsm9ds1:2025,
	author = {STMicroelectronics},
	title = {LSM9DS1 - iNEMO inertial module: 3D accelerometer, gyroscope, and magnetometer},
	year = {2025},
	url = {https://www.st.com/en/mems-and-sensors/lsm9ds1.html#overview},
}

@online{analogdevices:2024,
	author = {Analog Devices},
	title = {Inertial Measurement Units},
	year = {2024},
	url = {https://www.analog.com/en/product-category/inertial-measurement-units.html}
}

@online{st_microelectronics:2024,
	author = {STMicroelectronics},
	title = {LSM9DS1 Inertial Sensor Datasheet},
	year = {2024},
	url = {https://www.st.com/resource/en/datasheet/lsm9ds1.pdf},
}

@online{STMicroelectronics_LSM9DS1:2024,
	author = {STMicroelectronics},
	title = {LSM9DS1 - 9-axis IMU with digital output},
	year = {2024},
	url = {https://www.st.com/en/mems-and-sensors/lsm9ds1.html},
}

@online{Arduino_IMU_Gyroscope:2024,
	author = {Arduino},
	title = {IMU Gyroscope - Arduino Tutorial},
	year = {2024},
	url = {https://docs.arduino.cc/tutorials/nano-33-iot/imu-gyroscope/},
}


@online{pcb_mem_accelerometer:2024,
	author = {PCB Piezotronics},
	title = {MEMS Accelerometers},
	year = {2024},
	url = {https://www.pcb.com/resources/technical-information/mems-accelerometers},
}

@online{mouser_memssensors:2024,
	author = {Mouser Electronics},
	title = {MEMS Sensors Overview},
	year = {2024},
	url = {https://eu.mouser.com/applications/sensor_solutions_mems/?srsltid=AfmBOopiq7CaYeKLPdAjiROFZjCcLi4kivPkCQFlvXnFXZ3GMb9hHGyg},
}

@online{st_microelectronics_lsm6dso32x:2024,
	author = {STMicroelectronics},
	title = {LSM6DSO32X Datasheet},
	year = {2024},
	url = {https://www.st.com/resource/en/datasheet/lsm6dso32x.pdf}
}

@online{arduino_wire:2024,
	author = {Arduino},
	title = {Wire Library Documentation},
	year = {2024},
	url = {https://docs.arduino.cc/language-reference/en/functions/communication/wire/}
}

@online{adafruit_lsm9ds1:2024,
	author = {Adafruit},
	title = {Adafruit LSM9DS1 Class Reference},
	year = {2024},
	url = {https://adafruit.github.io/Adafruit_LSM9DS1/html/class_adafruit___l_s_m9_d_s1.html}
}

@online{sugunsegu_imu_calibration:2024,
	author = {Sugun Segu},
	title = {Understanding and Mastering IMU Intrinsic Calibration},
	year = {2024},
	url = {https://medium.com/%40sugunsegu/understanding-and-mastering-imu-intrinsic-calibration-ab1e4a4dd3ea}
}

@online{instructables_reset_arduino:2024,
	author = {Instructables},
	title = {Two Ways to Reset Arduino in Software},
	year = {2024},
	url = {https://www.instructables.com/two-ways-to-reset-arduino-in-software/}
}


@online{arduino_lsm9ds1:2024,
	author = {Arduino},
	title = {Arduino LSM9DS1 Library Documentation},
	year = {2024},
	url = {https://docs.arduino.cc/libraries/arduino_lsm9ds1/}
}

@online{arduino_reset:2024,
	author = {Arduino Forum},
	title = {How Does Reset Work?},
	year = {2024},
	url = {https://forum.arduino.cc/t/how-does-reset-work/190779}
}

@online{youtube_watchdog_reset:2025,
	author = {YouTube},
	title = {How to Use Watchdog Timers in Microcontrollers},
	year = {2025},
	url = {https://www.youtube.com/watch?v=hT24hOTrbEI}
}


@online{stackoverflow_reset_arduino:2025,
	author = {Stack Overflow Community},
	title = {How can I reset an Arduino board?},
	year = {2025},
	url = {https://stackoverflow.com/questions/5290428/how-can-i-reset-an-arduino-board}
}


@online{arduino_kalman:2024,
	author = {Arduino},
	title = {Kalman Library},
	year = {2024},
	url = {https://docs.arduino.cc/libraries/kalman/}
}


@online{hexagon_imu:2025,
	author = {Hexagon NovAtel},
	title = {APN-064 - Inertial Measurement Unit (IMU) Errors and Calibration},
	year = {2025},
	url = {https://hexagondownloads.blob.core.windows.net/public/Novatel/assets/Documents/Bulletins/APN064/APN064.pdf}
}

@online{vectornav_random_walk:2025,
	author = {VectorNav},
	title = {Inertial Navigation Primer - Specifications and Error Budgets},
	year = {2025},
	url = {https://www.vectornav.com/resources/inertial-navigation-primer/specifications--and--error-budgets/specs-imuspecs}
}

@online{electronics_gyro_drift:2025,
	author = {Electronics Stack Exchange},
	title = {What Actually Causes Gyroscope Drift in IMU?},
	year = {2025},
	url = {https://electronics.stackexchange.com/questions/445787/what-actually-causes-gyroscope-drift-in-imu}
}

@online{advanced_nav_gravity:2025,
	author = {Advanced Navigation},
	title = {Inertial Measurement Unit (IMU) - An Introduction},
	year = {2025},
	url = {https://www.advancednavigation.com/tech-articles/inertial-measurement-unit-imu-an-introduction}
}

@online{researchgate_calibration:2025,
	author = {ResearchGate},
	title = {A Comprehensive Overview of Inertial Sensor Calibration Techniques},
	year = {2025},
	url = {https://www.researchgate.net/publication/306298761_A_Comprehensive_Overview_of_Inertial_Sensor_Calibration_Techniques}
}

@online{pmc_kalman_filter:2025,
	author = {PubMed Central (PMC)},
	title = {Kalman Filter Applications in IMU Sensor Fusion for Accurate Estimation},
	year = {2025},
	url = {https://pmc.ncbi.nlm.nih.gov/articles/PMC3812568/}
}
=======
@online{semtech_lora:2025,
  author = {Semtech Corporation},
  title = {What is LoRa?},
  year = {2025},
  url = {https://www.semtech.com/lora/what-is-lora?utm_source=chatgpt.com},
}

@online{st_connectivity:2025,
  author = {STMicroelectronics},
  title = {LoRa Connectivity Applications},
  year = {2025},
  url = {https://www.st.com/en/applications/connectivity/lora.html?utm_source=chatgpt.com},
}

@online{thethingsnetwork_lorawan:2025,
  author = {The Things Network},
  title = {What is LoRaWAN?},
  year = {2025},
  url = {https://www.thethingsnetwork.org/docs/lorawan/what-is-lorawan/?utm_source=chatgpt.com},
}

@online{jooby_lora_features:2025,
  author = {Jooby},
  title = {Unlocking IoT Success: Discover the 8 Key Features of LoRa Technology},
  year = {2025},
  url = {https://jooby.eu/blog/unlocking-iot-success-discover-the-8-key-features-of-lora-technology/?utm_source=chatgpt.com},
}

@online{portenta_lora_specifications:2025,
  author = {Arduino Documentation},
  title = {Specifications of LoRa Device on Portenta Vision Shield},
  year = {2025},
  url = {https://www.arduino.cc/pro/tutorials/portenta-vision-shield-lora/specifications},
}

@online{arduino_portenta:2025,
  author = {Arduino},
  title = {Portenta Vision Shield Specifications},
  year = {2025},
  url = {https://www.arduino.cc/pro/hardware/product/portenta-vision-shield-lora}
}

@online{semtech_sx1276:2025,
  author = {Semtech Corporation},
  title = {SX1276 - Low Power Long Range Transceiver},
  year = {2025},
  url = {https://www.semtech.com/products/wireless-rf/lora-transceivers/sx1276}
}

@online{murata_transceiver:2025,
  author = {Murata Manufacturing Co., Ltd.},
  title = {CMWX1ZZABZ-091 LoRa Transceiver Module},
  year = {2025},
  url = {https://wireless.murata.com/type-abz.html}
}

@online{arm_cortex:2025,
  author = {ARM Holdings},
  title = {ARM Cortex-M7 Processor},
  year = {2025},
  url = {https://developer.arm.com/ip-products/processors/cortex-m/cortex-m7}
}

@online{semtech_lora:2025,
  author = {Semtech Corporation},
  title = {What is LoRa?},
  year = {2025},
  url = {https://www.semtech.com/lora/what-is-lora?utm_source=chatgpt.com}
}


>>>>>>> Stashed changes


@online{datascience_edge_ai:2024,
  author = {Arjun Chandrasekaran},
  title = {Why Edge Computing is so Important for AI},
  year = {2024},
  url = {https://towardsdatascience.com/why-edge-computing-is-so-important-for-ai-e4695d4e7960},
}

@article{ieee:2021,
  author = {G. K. Saha and A. Mandal and S. Shit},
  title = {Real-Time Face Recognition-based Attendance Management System},
  year = {2021},
  journal = {IEEE Xplore},
  doi = {10.1109/ICICCS51141.2021.9431473},
  url = {https://ieeexplore.ieee.org/document/9431473},
}
@article{Blog_norden:2024,
  author = {Norden},
  title = {Facial Recognition System to Improve Security and Access Control},
  year = {2024},
  journal = {Norden Communication Blog},
  url = {https://www.nordencommunication.com/en-nl/blog/facial-recognition-system-to-improve-security-and-access-control},
}
@article{cyberlink:2024,
  author = {CyberLink},
  title = {Facial Recognition in Smart Medical Healthcare},
  year = {2024},
  journal = {CyberLink Insights},
  url = {https://www.cyberlink.com/faceme/insights/articles/747/facial-recognition-smart-medical-healthcare},
}
@online{bcs_facial_recognition:2024,
  author = {BCS Consultants},
  title = {Enhancing Security: The Applications and Benefits of Facial Recognition Access Control Systems},
  year = {2024},
  url = {https://www.bcsconsultants.com/blog/enhancing-security-the-applications-and-benefits-of-facial-recognition-access-control-systems/},
}

@article{attenface:2022,
  author = {Sangram Surve and Mihir Choudhary and Shubham Korde and Vinit Zope and Shashank Sonawane},
  title = {AttenFace: A Real-Time Attendance System Using Face Recognition},
  year = {2022},
  journal = {arXiv},
  url = {https://ar5iv.labs.arxiv.org/html/2211.07582},
}

%%%%%%%%%%%%%%%%

 @online{arduinoVisionShield:2024,
	title = {Portenta Vision Shield - Arduino Docs},
	author = {Arduino},
	year = {2024},
	url = {https://docs.arduino.cc/hardware/portenta-vision-shield/#tech-specs},
}

@online{arduinodescription:2024,
  author       = {Arduino Documentation},
  title        = {Getting Started with Arduino IDE 2},
  url          = {https://docs.arduino.cc/software/ide-v2/tutorials/getting-started-ide-v2/},
  year         = {2024},
}

@online{arduinoWebEditor:2024,
  author       = {Arduino Documentation},
  title        = {The Arduino Web Editor},
  url          = {https://docs.arduino.cc/learn/starting-guide/the-arduino-web-editor/},
  year         = {2024},
}

@online{arduinoLibraries:2025,
  author       = {Arduino Documentation},
  title        = {Installing Libraries},
  year         = {2025},
  url          = {https://docs.arduino.cc/software/ide-v1/tutorials/installing-libraries/},
  organization = {Arduino},
}

@online{arduinoCloud:2025,
  author       = {Arduino Documentation},
  title        = {Arduino Cloud},
  year         = {2025},
  url          = {https://cloud.arduino.cc/},
  organization = {Arduino},

}


@online{portentaSetup:2024,
  author       = {Arduino Documentation},
  title        = {Setting up Portenta H7},
  url          = {https://docs.arduino.cc/tutorials/portenta-h7/setting-up-portenta/},
  year         = {2024},
}

@online{portentaH7doc:2024,
  author       = {Arduino},
  title        = {Portenta H7 Documentation},
  url		   = {https://docs.arduino.cc/hardware/portenta-h7/},
  year         = {2024},
}

@online{arduinoABX00042:2024,
  author       = {Arduino Documentation},
  title        = {Datasheet for PortentaH7},
  url          = {https://docs.arduino.cc/resources/datasheets/ABX00042-ABX00045-ABX00046-datasheet.pdf},
  year         = {2024},
}

@online{bluetoothPortentaH7:2024,
  author       = {Arduino Documentation},
  title        = {Portenta H7: BLE Connectivity},
  url          = {https://docs.arduino.cc/tutorials/portenta-h7/ble-connectivity/},
  year         = {2024},
}

@online{arduinoVisionShield:2024,
  author       = {Arduino Documentation},
  title        = {Camera to Bitmap on SD Card},
  url          = {https://docs.arduino.cc/tutorials/portenta-vision-shield/camera-to-bitmap-sd-card/},
  year         = {2024},
}

@online{portentaVisionShieldCamera:2024,
  author       = {Arduino Documentation},
  title        = {Getting Started with the Portenta Vision Shield Camera},
  url          = {https://docs.arduino.cc/tutorials/portenta-vision-shield/getting-started-camera/},
  year         = {2024},
}

@online{portentaH7visionshield:2024,
  author       = {Wings-hub},
  title        = {PortentaH7/PortentaH7},
  url          = {https://github.com/Wings-hub/240411PortentaH7/tree/main/PortentaH7/PortentaH7},
  year         = {2024},
}

@online{portentaCameraToBitmap:2024,
  author       = {Arduino Documentation},
  title        = {Saving Bitmap Camera Images to the SD Card},
  url          = {https://docs.arduino.cc/tutorials/portenta-vision-shield/camera-to-bitmap-sd-card/},
  year         = {2024},
}

@online{portentaFaceFilter:2024,
  author       = {Arduino Documentation},
  title        = {Creating a Basic Face Filter with the Portenta Vision Shield},
  url          = {https://docs.arduino.cc/tutorials/portenta-vision-shield/creating-basic-face-filter/},
  year         = {2024},
}

@online{portentaWifiAccessPoint:2024,
  author       = {Arduino Documentation},
  title        = {Creating a Wi-Fi Access Point with Portenta H7},
  url          = {https://docs.arduino.cc/tutorials/portenta-h7/wifi-access-point/},
  year         = {2024},
}

@online{connecting_to_ttn_portenta_vision_shield:2024,
  title = {Connecting Portenta Vision Shield to The Things Network (TTN)},
  year = {2024},
  url = {https://docs.arduino.cc/tutorials/portenta-vision-shield/connecting-to-ttn/},
  note = {Accessed: 2024-09-30}
}

@online{arduino_portenta_ttn:2024,
  author = {Arduino},
  title = {Connecting the Portenta Vision Shield to The Things Network (TTN)},
  year = {2024},
  url = {https://docs.arduino.cc/tutorials/portenta-vision-shield/connecting-to-ttn/},
}

%%%%%%%%%%%%%%%%%%%%%%%%%%%%%%%%%%%%%%
%  B
%%%%%%%%%%%%%%%%%%%%%%%%%%%%%%%%%%%%%%
@techreport{Babovsky:2011,
	title        = {{N}umerische {A}pproximation von {F}unktionen},
	author       = {Babovsky, Hans and Neundorf, Werner},
	year         = 2011,
	url          = {https://www.tu-ilmenau.de/fileadmin/media/num/neundorf/Dokumente/Preprints/NumApp1.pdf},
	urldate      = {2017-01-13},
	institution  = {TU Ilmenau}
}
@article{Bonami:2014,
	title        = {Energy-Optimal Multi-Goal Motion Planning for Planar Robot Manipulators},
	author       = {Bonami, Pierre and Olivares, Alberto and Staffetti, Ernesto},
	year         = 2014,
	journal      = {Journal of Optimization Theory and Applications},
	volume       = 163,
	number       = 1,
	pages        = {80--104},
	doi          = {10.1007/s10957-013-0516-0},
	issn         = {1573-2878},
	url          = {http://dx.doi.org/10.1007/s10957-013-0516-0},
	abstract     = {In this work, the energy-optimal motion planning problem for planar robot manipulators with two revolute joints is studied, in which the end-effector of the robot manipulator is constrained to pass through a set of waypoints, whose sequence is not predefined. This multi-goal motion planning problem has been solved as a mixed-integer optimal control problem in which, given the dynamic model of the robot manipulator, the initial and final configurations of the robot, and a set of waypoints inside the workspace of the manipulator, one has to find the control inputs, the sequence of waypoints with the corresponding passage times, and the resulting trajectory of the robot that minimizes the energy consumption during the motion. The presence of the waypoint constraints makes this optimal control problem particularly difficult to solve. The mixed-integer optimal control problem has been converted into a mixed-integer nonlinear programming problem first making the unknown passage times through the waypoints part of the state, then introducing binary variables to enforce the constraint of passing once through each waypoint, and finally applying a fifth-degree Gauss--Lobatto direct collocation method to tackle the dynamic constraints. High-degree interpolation polynomials allow the number of variables of the problem to be reduced for a given numerical precision. The resulting mixed-integer nonlinear programming problem has been solved using a nonlinear programming-based branch-and-bound algorithm specifically tailored to the problem. The results of the numerical experiments have shown the effectiveness of the approach.}
}
@misc{bmwi:2015,
	title        = {{Bekanntmachung Digitale Technologien für die Wirtschaft (PAiCE)}},
	year         = 2015,
	url          = {http://bmwi.de/BMWi/Redaktion/PDF/Publikationen/paice-digitale-technologien-fuer-die-wirtschaft-bekanntmachung,property=pdf,bereich=bmwi2012,sprache=de,rwb=true.pdf},
	urldate      = {2016-07-20},
	editor       = {{Bundesministerium für Wirtschaft und Energie (BMWi)}},
	subtitle     = {{Platforms|Additive Manufacturing|Imaging|Communication|Engineering Ein Technologiewettbewerb des Bundesministeriums für Wirtschaft und Energie}}
}
%%%%%%%%%%%%%%%%%%%%%%%%%%%%%%%%%%%%%%
%  D
%%%%%%%%%%%%%%%%%%%%%%%%%%%%%%%%%%%%%%
@misc{DIN66025,
	title        = {DIN 66025-2:1988-09: Programmaufbau f{\"u}r numerisch gesteuerte Arbeitsmaschinen: Wegbedingungen und Zusatzfunktionen},
	author       = {{DIN Deutsches Institut f{\"u}r Normung e.V.}},
	year         = 1988,
	month        = {09},
	publisher    = {Beuth Verlag},
	address      = {Berlin},
	shorthand    = {DIN66025-2},
	type         = {Norm}
}



%%%%%%%%%%%%%%%%%%%%%%%%%%%%%%%%%%%%%%
%  F
%%%%%%%%%%%%%%%%%%%%%%%%%%%%%%%%%%%%%%
@book{Farin:1994,
	title        = {Kurven und Flächen im Computer Aided Geometric Design},
	author       = {G. Farin},
	year         = 1994,
	publisher    = {Vieweg},
	subtitle     = {Eine praktische Einführung}
}
@book{Farin:2002,
	title        = {{C}urves and {S}urfaces for {CAGD}},
	author       = {Gerald Farin},
	year         = 2002,
	publisher    = {Academic Press},
	address      = {San Diego, CA},
	note         = {\textcolor{blue}{\href{ExterneDokumente/Farin G. Curves and Surfaces for CAGD. A Practical Guide.pdf}{[pdf]}}},
	edition      = {5.}
}
@book{Farin:2002b,
	title        = {Handbook of Computer Aided Geometric Design},
	author       = {Farin, G. and Hoschek, J.},
	year         = 2002,
	publisher    = {Elsevier Science}
}
@article{Farouki:2017,
	title        = {A real-time CNC interpolator algorithm for trimming and filling planar offset curves},
	author       = {Farouki, Rida and Srinathu, Jyothirmai},
	year         = 2017,
	month        = jan,
	journal      = {Computer-Aided Design},
	volume       = 86,
	doi          = {10.1016/j.cad.2017.01.001}
}
%%%%%%%%%%%%%%%%%%%%%%%%%%%%%%%%%%%%%%
%  H
%%%%%%%%%%%%%%%%%%%%%%%%%%%%%%%%%%%%%%
@book{Hehenberger:2011,
	title        = {Computerunterst{\"u}tzte Fertigung: Eine kompakte Einf{\"u}hrung},
	author       = {Hehenberger, Peter},
	year         = 2011,
	publisher    = {Springer-Verlag},
	address      = {Berlin, Heidelberg},
	isbn         = 9783642134753,
	keywords     = {Computer aided design;Engineering design;Machinery;Engineering;Computer-aided design}
}
%%%%%%%%%%%%%%%%%%%%%%%%%%%%%%%%%%%%%%
%  J
%%%%%%%%%%%%%%%%%%%%%%%%%%%%%%%%%%%%%%
@article{Jaklic:2010,
	title        = {{O}n {I}nterpolation by {P}lanar {C}ubic {$G^2$} {P}ythagorean-{H}odograph {S}pline {C}urves},
	author       = {Jaklic, Gasper and  Kozak, Jernej and  Krajnc, Marjeta and Vitrih, Vito and  Zagar, Emil},
	year         = 2010,
	journal      = {Mathematics of Computation},
	note         = {\textcolor{blue}{\href{ExterneDokumente/PHKubisch/CubicPHG2Spline-rev.pdf}{[pdf]}}}
}
%%%%%%%%%%%%%%%%%%%%%%%%%%%%%%%%%%%%%%
%  K
%%%%%%%%%%%%%%%%%%%%%%%%%%%%%%%%%%%%%%
@article{Kara:2015,
	title        = {The 22nd CIRP Conference on Life Cycle Engineering Minimization of the Energy Consumption in Motion Planning for Single-robot Tasks},
	author       = {Kara, Sami  and Pellegrinelli, Stefania  and  Borgia, Stefano and  Pedrocchi, Nicola and  Villagrossi, Enrico and  Bianchi, Giacomo and  Tosatti, Lorenzo Molinari},
	year         = 2015,
	journal      = {Procedia CIRP},
	volume       = 29,
	number       = {},
	pages        = {354--359},
	doi          = {http://dx.doi.org/10.1016/j.procir.2015.02.174},
	issn         = {2212-8271},
	url          = {http://www.sciencedirect.com/science/article/pii/S2212827115004886},
	note         = {},
	keywords     = {Motion planning},
	keywords     = {Energy consumption},
	keywords     = {Optimization}
}
%%%%%%%%%%%%%%%%%%%%%%%%%%%%%%%%%%%%%%
%  M
%%%%%%%%%%%%%%%%%%%%%%%%%%%%%%%%%%%%%%
@book{Malaka:2009,
	title        = {Medieninformatik},
	author       = {R. Malaka, A. Butz, H. Hussman},
	year         = 2009,
	publisher    = {Pearson Studium}
}
@misc{Marquardt:2016,
	title        = {{Handlungsfelder}},
	author       = {Marquardt, Erik},
	year         = 2016,
	url          = {https://www.vdi.de/fileadmin/vdi_de/redakteur_dateien/gpl_dateien/6242_PUB_GPL_Handlungsfelder_-_Additive_Fertigungsverfahren_Internet.pdf},
	urldate      = {2016-08-13},
	editor       = {{VDI Verein Deutscher Ingenieure e.V. Fachbereich Produktionstechnik und Fertigungsverfahren}},
	subtitle     = {{Additive Fertigungsverfahren}}
}
%%%%%%%%%%%%%%%%%%%%%%%%%%%%%%%%%%%%%%
%  P
%%%%%%%%%%%%%%%%%%%%%%%%%%%%%%%%%%%%%%
@book{Piegl:1997,
	title        = {The NURBS Book},
	author       = {Piegl, Les and Tiller, Wayne},
	year         = 1997,
	publisher    = {Springer-Verlag New York, Inc.},
	address      = {New York, NY, USA},
	isbn         = {3-540-61545-8},
	edition      = 2
}
%%%%%%%%%%%%%%%%%%%%%%%%%%%%%%%%%%%%%%
%  R
%%%%%%%%%%%%%%%%%%%%%%%%%%%%%%%%%%%%%%
@misc{Patent3D,
	title        = {Apparatus and Methods for 3D Printing},
	author       = {Russell, David and Hernandez, Andres and Kinsly, Joshua and Berlin, Andrew},
	year         = 2007,
	howpublished = {United States Patent, Patent N0.: US 7,291,002 B2}
}
%%%%%%%%%%%%%%%%%%%%%%%%%%%%%%%%%%%%%%
%  S
%%%%%%%%%%%%%%%%%%%%%%%%%%%%%%%%%%%%%%
@inproceedings{Sencer:2014,
	title        = {{Curvature-continuous sharp corner smoothing scheme for Cartesian motion systems}},
	author       = {Sencer, Burak and Shamoto, Eiji},
	year         = 2014,
	booktitle    = {{2014 IEEE 13th International Workshop on Advanced Motion Control (AMC)}},
	publisher    = {IEEE},
	address      = {Piscataway, NJ},
	pages        = {374--379},
	doi          = {\url{10.1109/AMC.2014.6823311}},
	isbn         = {978-1-4799-2323-6},
	note         = {\textcolor{blue}{\href{ExterneDokumente/Bezier/Sencer2014.pdf}{[pdf]}} und \textcolor{blue}{\href{ExterneDokumente/Bezier/Sencer2014V2.pdf}{[Version 2 - pdf]}}}
}
@article{Sencer:2016,
	title        = {{Kinematic corner smoothing for high speed machine tools}},
	author       = {Tajima, Shingo and Sencer, Burak},
	year         = 2016,
	journal      = {{International Journal of Machine Tools and Manufacture}},
	volume       = 108,
	pages        = {27--43},
	doi          = {\url{10.1016/j.ijmachtools.2016.05.009}},
	issn         = {08906955},
	note         = {\textcolor{blue}{\href{ExterneDokumente/VelocityBlending/KinematicCornerSmoothing.pdf}{[pdf]}}}
}
@article{Sencer:2017,
	title        = {{Global tool-path smoothing for CNC machine tools with uninterrupted acceleration}},
	author       = {Tajima, Shingo and Sencer, Burak},
	year         = 2017,
	journal      = {{International Journal of Machine Tools and Manufacture}},
	volume       = 121,
	pages        = {81--95},
	doi          = {\url{10.1016/j.ijmachtools.2017.03.002}},
	issn         = {08906955},
	note         = {\textcolor{blue}{\href{ExterneDokumente/Bezier/1-s2.0-S089069551630493X-main.pdf}{[pdf]}}}
}
@book{Sindermann:2014,
	title        = {Schnittstellen und Datenaustauschformate},
	author       = {Sindermann, Sebastian},
	year         = 2014,
	booktitle    = {Modellbasierte virtuelle Produktentwicklung},
	publisher    = {Springer Berlin Heidelberg},
	pages        = {327--347},
	doi          = {10.1007/978-3-662-43816-9_14},
	isbn         = {978-3-662-43815-2},
	url          = {http://dx.doi.org/10.1007/978-3-662-43816-9_14},
	language     = {German}
}
%%%%%%%%%%%%%%%%%%%%%%%%%%%%%%%%%%%%%%
%  W
%%%%%%%%%%%%%%%%%%%%%%%%%%%%%%%%%%%%%%
@online{Wat:2017a,
	title        = {Module},
	author       = {{Waterloo Maple Inc. 2017}},
	year         = 2017,
	url          = {https://de.maplesoft.com/support/help/maple/view.aspx?path=module},
	note         = {\textcolor{blue}{letzter Zugriff 14.09.2017}},
	howpublished = {\textcolor{blue}{\href{https://de.maplesoft.com/support/help/maple/view.aspx?path=module}{Link: [www.maplesoft.com]}}}
}
@online{Wat:2017b,
	title        = {ModuleLoad},
	author       = {{Waterloo Maple Inc. 2017}},
	year         = 2017,
	url          = {https://de.maplesoft.com/support/help/Maple/view.aspx?path=ModuleLoad},
	note         = {\textcolor{blue}{letzter Zugriff 14.09.2017}},
	howpublished = {\textcolor{blue}{\href{https://de.maplesoft.com/support/help/Maple/view.aspx?path=ModuleLoad}{Link: [www.maplesoft.com]}}}
}
@online{Wat:2017c,
	title        = {Export},
	author       = {{Waterloo Maple Inc. 2017}},
	year         = 2017,
	url          = {https://de.maplesoft.com/support/help/Maple/view.aspx?path=module/export},
	note         = {\textcolor{blue}{letzter Zugriff 14.09.2017}},
	howpublished = {\textcolor{blue}{\href{https://de.maplesoft.com/support/help/Maple/view.aspx?path=module/export}{Link: [www.maplesoft.com]}}}
}
@online{Wat:2017d,
	title        = {Option},
	author       = {{Waterloo Maple Inc. 2017}},
	year         = 2017,
	url          = {https://de.maplesoft.com/support/help/Maple/view.aspx?path=module/option},
	note         = {\textcolor{blue}{letzter Zugriff 14.09.2017}},
	howpublished = {\textcolor{blue}{\href{https://de.maplesoft.com/support/help/Maple/view.aspx?path=module/option}{Link: [www.maplesoft.com]}}}
}
@online{Wat:2017e,
	title        = {Description},
	author       = {{Waterloo Maple Inc. 2017}},
	year         = 2017,
	url          = {https://de.maplesoft.com/support/help/Maple/view.aspx?path=module/description},
	note         = {\textcolor{blue}{letzter Zugriff 14.09.2017}},
	howpublished = {\textcolor{blue}{\href{https://de.maplesoft.com/support/help/Maple/view.aspx?path=module/description}{Link: [www.maplesoft.com]}}}
}
@online{Wat:2017f,
	title        = {Procedures},
	author       = {{Waterloo Maple Inc. 2017}},
	year         = 2017,
	url          = {https://de.maplesoft.com/support/help/Maple/view.aspx?path=procedure},
	note         = {\textcolor{blue}{letzter Zugriff 14.09.2017}},
	howpublished = {\textcolor{blue}{\href{https://de.maplesoft.com/support/help/Maple/view.aspx?path=procedure}{Link: [www.maplesoft.com]}}}
}
%%%%%%%%%%%%%%%%%%%%%%%%%%%%%%%%%%%%%%
%  Z
%%%%%%%%%%%%%%%%%%%%%%%%%%%%%%%%%%%%%%
@inproceedings{Zafeiropoulos:2020,
	title        = {Benchmarking and Profiling 5G Verticals' Applications: An Industrial IoT Use Case},
	author       = {Zafeiropoulos, Anastasios and Fotopoulou, Eleni and Peuster, Manuel and Schneider, Stefan and Gouvas, Panagiotis and Behnke, Daniel and Müller, Marcel and Bök, Patrick-Benjamin and Panagiotis, Trakadas and Panagiotis, Karkazis and Karl, Holger},
	year         = 2020,
	booktitle    = {IEEE Conference on Network Softwarization, NetSoft 2020},
	doi          = {10.1109/NetSoft48620.2020.9165393}
}
@book{Zeidler:2013,
	title        = {Springer-Taschenbuch der Mathematik},
	year         = 2013,
	publisher    = {Springer Verlag},
	isbn         = {978-3-8348-2359-5},
	editor       = {Zeidler, E.},
	edition      = {{3., neu bearb eitete und erweiterte Auflage}}
}
@comment{jabref-meta: databaseType:bibtex;}
