%%%%%%%%%%%%%%%%%%%%%%%%%%%
%
% $Autor: Wings $
% $Datum: 2016-12-06 10:40:45Z $
% $Pfad: Math3/Skript/Produktspezifikation/Powerpoint/chapter04b.tex $
% $Version: 2839 $
%
%%%%%%%%%%%%%%%%%%%%%%%%%%%

% Strings
@string{jCAGD = "Computer Aided Geometric Design"}
@string{jCAD = "Computer Aided Design"}
% Encoding: UTF-8

%preamble{
%\AtEveryBibitem{\clearfield{note}}
%}%


% BibTeX Entries


%%%%%%%%%%%%%%%%%%%%%%%%%%%%%%%%%%%%%%
%  A
%%%%%%%%%%%%%%%%%%%%%%%%%%%%%%%%%%%%%%

@online{edgeimpulse:2025,
	author = {Edge Impulse},
	title = {API and SDK References},
	year = {2025},
	url = {https://docs.edgeimpulse.com/docs/tools/api-and-sdk-references}
}

@online{mathworksint8quantization:2025,
	author = {MathWorks},
	title = {What is INT8 Quantization and Why is it Popular for Deep Neural Networks?},
	year = {2025},
	url = {https://de.mathworks.com/company/technical-articles/what-is-int8-quantization-and-why-is-it-popular-for-deep-neural-networks.html}
}

@online{portentaH7doc:2024,
	author = {Arduino},
	title = {Portenta H7 Documentation},
	year = {2024},
	url = {https://docs.arduino.cc/hardware/portenta-h7/},
	publisher = {Arduino}
}

@online{arduinoVisionShield:2024,
	title = {Portenta Vision Shield - Arduino Docs},
	author = {Arduino},
	year = {2024},
	url = {https://docs.arduino.cc/hardware/portenta-vision-shield/#tech-specs},
	publisher = {Arduino}
}

@online{grabcad_arduino_case:2025,
    author = {GrabCAD},
    title = {Arduino Portenta H7 Case with the Vision Shield},
    year = {2025},
    url = {https://grabcad.com/library/arduino-portena-h7-case-with-the-vision-shield-1}
}

@online{grabcad_rpi_camera_mount:2025,
    author = {GrabCAD},
    title = {Raspberry Pi Camera Module Corner Wall Mount},
    year = {2025},
    url = {https://grabcad.com/library/raspberry-pi-camera-module-corner-wall-mount-2}
}

%%%%%%%%%%%%%%%%%%%%%%%%%%%%%%%%%%%%%%
%  B
%%%%%%%%%%%%%%%%%%%%%%%%%%%%%%%%%%%%%%


%%%%%%%%%%%%%%%%%%%%%%%%%%%%%%%%%%%%%%
%  D
%%%%%%%%%%%%%%%%%%%%%%%%%%%%%%%%%%%%%%
