%%%%%%%%%%%%%%%%%%%%%%%%%%%
%
% $Autor: Wings $
% $Datum: 2016-12-06 10:40:45Z $
% $Pfad: Math3/Skript/Produktspezifikation/Powerpoint/chapter04b.tex $
% $Version: 2839 $
%
%%%%%%%%%%%%%%%%%%%%%%%%%%%

% Strings
@string{jCAGD = "Computer Aided Geometric Design"}
@string{jCAD = "Computer Aided Design"}
% Encoding: UTF-8

%preamble{
%\AtEveryBibitem{\clearfield{note}}
%}%


% BibTeX Entries


%%%%%%%%%%%%%%%%%%%%%%%%%%%%%%%%%%%%%%
%  A
%%%%%%%%%%%%%%%%%%%%%%%%%%%%%%%%%%%%%%

@online{edgeimpulse:2025,
	author = {Edge Impulse},
	title = {API and SDK References},
	year = {2025},
	url = {https://docs.edgeimpulse.com/docs/tools/api-and-sdk-references},
	publisher = {Edge Impulse}
}

@online{mathworksint8quantization:2025,
	author = {MathWorks},
	title = {Quantization Techniques},
	year = {2025},
	url = {https://de.mathworks.com/company/technical-articles/what-is-int8-quantization-and-why-is-it-popular-for-deep-neural-networks.html},
	publisher = {MathWorks}
}

@online{portentaH7doc:2024,
	author = {Arduino},
	title = {Portenta H7 Documentation},
	year = {2024},
	url = {https://docs.arduino.cc/hardware/portenta-h7/},
	publisher = {Arduino}
}

@online{arduinoVisionShield:2024,
	title = {Portenta Vision Shield - Arduino Docs},
	author = {Arduino},
	year = {2024},
	url = {https://docs.arduino.cc/hardware/portenta-vision-shield/#tech-specs},
	publisher = {Arduino}
}




%%%%%%%%%%%%%%%%%%%%%%%%%%%%%%%%%%%%%%
%  B
%%%%%%%%%%%%%%%%%%%%%%%%%%%%%%%%%%%%%%


%%%%%%%%%%%%%%%%%%%%%%%%%%%%%%%%%%%%%%
%  D
%%%%%%%%%%%%%%%%%%%%%%%%%%%%%%%%%%%%%%
