%%%%%%%%%%%%%%%%%%%%%%%%%%%
%
% $Autor: Wings $
% $Datum: 2016-12-06 10:40:45Z $
% $Pfad: Math3/Skript/Produktspezifikation/Powerpoint/chapter04b.tex $
% $Version: 2839 $
%
%%%%%%%%%%%%%%%%%%%%%%%%%%%

% Strings
@string{jCAGD = "Computer Aided Geometric Design"}
@string{jCAD = "Computer Aided Design"}

% Encoding: UTF-8

%preamble{
%\AtEveryBibitem{\clearfield{note}}
%}%


% BibTeX Entries


%%%%%%%%%%%%%%%%%%%%%%%%%%%%%%%%%%%%%%
%  A
%%%%%%%%%%%%%%%%%%%%%%%%%%%%%%%%%%%%%%


@online{ArduinoPortentaH7:2024,
	title        = {Arduino Portenta H7},
	author       = {Arduino},
	year         = 2024,
	url          = {https://docs.arduino.cc/hardware/portenta-h7/}
}
@online{Arduinostore:2024,
	title        = {Arduino Portenta Cat. M1/NB IoT GNSS Shield online store},
	author       = {Arduino},
	year         = 2024,
	url          = {https://store.arduino.cc/products/portenta-h7}
}
@online{ArduinoIOTGNSSstore:2024,
	title        = {Arduino Portenta Cat. M1/NB IoT GNSS Shield online store},
	author       = {Arduino},
	year         = 2024,
	url          = {https://store.arduino.cc/products/portenta-catm1/}
}
@online{ArduinoIOTShield:2024,
	title        = {Arduino Portenta Cat. M1/NB IoT GNSS Shield Documentation},
	author       = {Arduino},
	year         = 2024,
	url          = {https://docs.arduino.cc/hardware/portenta-cat-m1-nb-iot-gnss-shield/}
}
@online{ArduinoIOTShieldMKRGSM:2024,
	title        = {Arduino Portenta Cat. M1/NB IoT GNSS Shield MKRGSM Reference},
	author       = {Arduino},
	year         = 2024,
	url          = {https://www.arduino.cc/en/Reference/MKRGSM}
}
@online{ArduinoIOTShieldMKRGSM2:2024,
	title        = {Arduino Portenta Cat. M1/NB IoT GNSS Shield Reference MKRGSM Reference},
	author       = {Arduino},
	year         = 2024,
	url          = {https://www.arduino.cc/en/Reference/ArduinoMKRGPS}
}

%%%%%%%%%%%%%%%%%%%%%%%%%%%%%%%%%%%%%%
%  B
%%%%%%%%%%%%%%%%%%%%%%%%%%%%%%%%%%%%%%




%%%%%%%%%%%%%%%%%%%%%%%%%%%%%%%%%%%%%%
%  D
%%%%%%%%%%%%%%%%%%%%%%%%%%%%%%%%%%%%%%




%%%%%%%%%%%%%%%%%%%%%%%%%%%%%%%%%%%%%%
%  F
%%%%%%%%%%%%%%%%%%%%%%%%%%%%%%%%%%%%%%



%%%%%%%%%%%%%%%%%%%%%%%%%%%%%%%%%%%%%%
%  H
%%%%%%%%%%%%%%%%%%%%%%%%%%%%%%%%%%%%%%



%%%%%%%%%%%%%%%%%%%%%%%%%%%%%%%%%%%%%%
%  J
%%%%%%%%%%%%%%%%%%%%%%%%%%%%%%%%%%%%%%




%%%%%%%%%%%%%%%%%%%%%%%%%%%%%%%%%%%%%%
%  K
%%%%%%%%%%%%%%%%%%%%%%%%%%%%%%%%%%%%%%



%%%%%%%%%%%%%%%%%%%%%%%%%%%%%%%%%%%%%%
%  M
%%%%%%%%%%%%%%%%%%%%%%%%%%%%%%%%%%%%%%



%%%%%%%%%%%%%%%%%%%%%%%%%%%%%%%%%%%%%%
%  P
%%%%%%%%%%%%%%%%%%%%%%%%%%%%%%%%%%%%%%



%%%%%%%%%%%%%%%%%%%%%%%%%%%%%%%%%%%%%%
%  R
%%%%%%%%%%%%%%%%%%%%%%%%%%%%%%%%%%%%%%



%%%%%%%%%%%%%%%%%%%%%%%%%%%%%%%%%%%%%%
%  S
%%%%%%%%%%%%%%%%%%%%%%%%%%%%%%%%%%%%%%




%%%%%%%%%%%%%%%%%%%%%%%%%%%%%%%%%%%%%%
%  W
%%%%%%%%%%%%%%%%%%%%%%%%%%%%%%%%%%%%%%



%%%%%%%%%%%%%%%%%%%%%%%%%%%%%%%%%%%%%%
%  Z
%%%%%%%%%%%%%%%%%%%%%%%%%%%%%%%%%%%%%%


